
@misc{joowook_ahn_average_2015,
	title = {The average number of calls for each patient during analysis of array {CGH} cases.},
	author = {{JooWook Ahn}},
	month = jun,
	year = {2015}
}